@book{iaea_spec
  international2001iaea,
  title={Compendium of Neutron Spectra and Detector Responses for Radiation Protection Purposes},
  series={Technical Reports Series},
  number={403},
  year={2001},
  isbn={92-0-102201-8},
  url={https://www.iaea.org/publications/6123/compendium-of-neutron-spectra-and-detector-responses-for-radiation-protection-purposes},
  publisher={INTERNATIONAL ATOMIC ENERGY AGENCY},
  address={Vienna}
}
