\input{References/iaea-publication-6123}

@article{Norm_In_Sample_Size,
	journal={International Journal of Assessment Tools in Education},
	address={Dr. Erhan Ekici, PAU Eğitim Fak. No:A0114 Denizli},
	publisher={İzzet KARA},
	year={2019},
	volume={6},
	number={2},
	pages={170-192},
	doi={10.21449/ijate.479404},
	title={The Effect of the Normalization Method Used in Different Sample Sizes on the Success of Artificial Neural Network Model},
	author={Aksu, Gökhan and Güzeller, Cem Oktay and Eser, Mehmet Taha}
}

@article{inputNorm,
  author={Sola, J. and Sevilla, J.},
  journal={IEEE Transactions on Nuclear Science}, 
  title={Importance of input data normalization for the application of neural networks to complex industrial problems}, 
  year={1997},
  volume={44},
  number={3},
  pages={1464-1468},
  doi={10.1109/23.589532}}
  
@inproceedings{proc1,
   author = "John Doe and Jane Smith and Who Knows and Someone Else",
   title = "This is the title of the paper",
   booktitle = "Proceedings of Some Conference",
   address = "Nowhere, Neverland",
   year = "Jan. 1-5, 2010",
}

@inproceedings{proc2,
   author = "Edward W. Larsen",
   title = "A Generalized Boltzmann Equation for Non-Classical Particle Transport",
   booktitle = "Proceedings of the International Conference on Mathematics and Computation and Supercomputing in Nuclear Applications - M\&C + SNA 2007",
   address = "Monterey, CA",
   year = "Apr. 15-19, 2007",
}

@inproceedings{proc3,
   author = "Richard Vasques and Edward W. Larsen",
   title = "{Anisotropic diffusion in model 2-D pebble-bed reactor cores}",
   booktitle = "Proceedings of the International Conference on Advances in Mathematics, Computational Methods, and Reactor Physics",
   address = "Saratoga Springs, NY",
   year = "May 3-7, 2009",
}

@article{artic1,
author = "Tony Stark and Black Widow and Scarlet Witch",
title = "Something Nerdy asthe Title",
 journal = "Journal of Make Belief",
volume = "42",
number = "3",
pages = "10-20",
year = "2010",
}

@article{artic2,
author = "Anthony B. Davis and Alexander Marshak",
title = "Solar radiation transport in the cloudy atmosphere: A {3D} Perspective on observations and climate impacts",
 journal = "Reports on Progress in Physics",
 volume = "73",
number = "2",
pages = "026801",
year = "2010",
}

@article{artic3,
author = "Edward W. Larsen and Richard Vasques",
title = "A generalized linear Boltzmann equation for non-classical particle transport ",
journal = "Journal of Quantitative Spectroscopy and Radiative Transfer ",
volume = "112",
pages = "619 - 631",
year = "2011",
}

@incollection{chapter1,
	author	= "Some Author",
	title	= "Title of Paper or Chapter",
	booktitle= "Title of Book",
	publisher= "Publishing House",
	editor	= "Name of Editor",
	pages	= "11-22",
	year	= "2015",
}

@incollection{chapter2,
	author	= "{Fran\c{c}ois} Golse",
	title	= "Recent results on the periodic {Lorentz} gas",
	booktitle= "Nonlinear Partial Differential Equations",
	publisher= "Springer Basel",
	editor	= "X. {Cabr\'e} and J. Soler",
	pages	= "39 - 99",
	year	= "2012",
}


@incollection{chapter3,
	author	= "Urs W. Hochstrasser",
	title	= "Orthogonal Polynomials",
	booktitle= "Handbook of Mathematical Functions with Formulas, Graphs, and Mathematical Tables",
	publisher= "Dover Publications",
	editor	= "Milton Abramowitz and Irene A. Stegun",
	pages	= "771 - 802",
	year	= "2012",
}

@book{book1,
author = {Harry Potter and Hermione Granger},
title = {Title of Book},
 publisher = "Publisher",
  year    = "1990",
}

@book{book2,
author = {Lewis, E.E. and Miller, W.F.},
title = {Computational methods of neutron transport},
 publisher = "American Nuclear Society",
  year    = "1993",
}

@book{book3,
author = {Burden, R.L. and Faires, J.D.},
title = {Numerical analysis},
 publisher = "Dover",
  year    = "1993",
}

